@book{cmos_vlsi_design,
  author = {Weste, Neil H E and David Money Harris},
  publisher = {Pearson / Addison Wesley},
  title = {Integrated circuit design},
  year = {2011}
}