@misc{a2021_magic83,
  title = {Magic-8.3 Command Reference},
  url = {http://www.opencircuitdesign.com/magic/commandref/ext2spice.html},
  urldate = {2025-03-31},
  year = {2021},
  organization = {Opencircuitdesign.com}
}